@inbook{parker1991mise,
  title={Mise en page: un guide de conception graphique sur micro-ordinateur},
  author={Parker, R.C. and Thérien, L.},
  pages={12-35},
  ISBN={9782736108571},
  year={1991},
  publisher={Sybex-Upgrade éd.},
}
@misc{nelson_2015,
	title={Fish}, url={https://www.thecanadianencyclopedia.ca/en/article/fishes?fbclid=IwAR1Di0gMRS4unt-OgabCbnqz7iuC4L19qhuYjyI2eCsErYzjU-f7qqVHFf4},
	journal={The Canadian Encyclopedia},
	author={Nelson, Joseph S.},
	year={2015},
	month={Mar},
	note = "[Online; accessed 21-February-2019]",
}